@book{shilov1977linear,
  title={Linear Algebra},
  author={Shilov, G.E.},
  isbn={9780486635187},
  lccn={77075267},
  series={Dover books on advanced mathematics},
  url={https://books.google.com/books?id=FhPhDAAAQBAJ},
  year={1977},
  publisher={Dover Publications}
}
