@book{RN10,
   author = {Strang, G.},
   title = {Introduction to Linear Algebra},
   publisher = {Wellesley-Cambridge Press},
   ISBN = {9781733146654},
   url = {https://books.google.com/books?id=c-1kzgEACAAJ},
   year = {2021},
   type = {Book}
}